@misc{klein_2017,
	title={{JF}lex - {JF}lex {T}he {F}ast {S}canner {G}enerator for {J}ava},
    url={http://jflex.de/},
    journal={Jflex.de},
    author={Klein, Gerwin},
    year={2017}
}

@misc{cup_2017,
	title={{CUP} - {LALR} {P}arser {G}enerator {F}or {J}ava},
	url={http://www2.cs.tum.edu/projects/cup/},
    journal={Www2.cs.tum.edu},
    author={Ananian, C. and Flannery, Frank and Wang, Dan and Appel, Andrew and Petter, Michael},
    year={2017}
}